@article{Anderson2005,
author = {Anderson, T. R.},
doi = {10.1093/plankt/fbi076},
file = {:Users/eat/Documents/References/Anderson - 2005.pdf:pdf},
issn = {0142-7873},
journal = {Journal of Plankton Research},
month = oct,
number = {3},
title = {{Plankton functional type modelling: running before we can walk?}},
url = {http://www.plankt.oxfordjournals.org/cgi/doi/10.1093/plankt/fbi076},
volume = {27},
year = {2005}
}
